<collection xmlns="http://www.loc.gov/MARC21/slim">
<record>
  <leader>00631na 0a22001451i 450 </leader>
  <controlfield tag="001">IT\ICCU\CNCE\051427</controlfield>
  <controlfield tag="005">20050504000000.0</controlfield>
  <datafield tag="100" ind1=" " ind2=" ">
    <subfield code="a">20010111             0itac0103    ba</subfield>
  </datafield>
  <datafield tag="101" ind1=" " ind2=" ">
    <subfield code="a">ITA</subfield>
  </datafield>
  <datafield tag="200" ind1="1" ind2=" ">
    <subfield code="a">Due trattati nuoui dell&apos;eccellente m. Giouanni Andrea dalla Croce</subfield>
  </datafield>
  <datafield tag="700" ind1=" " ind2="1">
    <subfield code="a">Della_Croce,</subfield>
    <subfield code="b">Giovanni Andrea</subfield>
    <subfield code="3">IT\ICCU\CNCA\004349</subfield>
  </datafield>
  <datafield tag="790" ind1=" " ind2="1">
    <subfield code="a">Croce,</subfield>
    <subfield code="b">Giovanni Andrea della</subfield>
    <subfield code="3">IT\ICCU\CNCA\013612</subfield>
    <subfield code="z">Della_Croce, Giovanni Andrea</subfield>
  </datafield>
  <datafield tag="790" ind1=" " ind2="1">
    <subfield code="a">Cruce,</subfield>
    <subfield code="b">Ioannes Andreas a</subfield>
    <subfield code="3">IT\ICCU\CNCA\013613</subfield>
    <subfield code="z">Della_Croce, Giovanni Andrea</subfield>
  </datafield>
  <datafield tag="790" ind1=" " ind2="1">
    <subfield code="a">Dalla_Croce,</subfield>
    <subfield code="b">Giovanni Andrea</subfield>
    <subfield code="3">IT\ICCU\CNCA\013617</subfield>
    <subfield code="z">Della_Croce, Giovanni Andrea</subfield>
  </datafield>
  <datafield tag="801" ind1=" " ind2="3">
    <subfield code="a">IT</subfield>
    <subfield code="b">ICCU</subfield>
    <subfield code="c">20201115</subfield>
  </datafield>
</record>
</collection>
